@ARTICLE{Vahedi87,
  AUTHOR =  {واحدی, مصطفی},
  TITLE =  {درختان پوشای کمینه دورنگی مسطح},
  JOURNAL =  {مجله فارسی نمونه},
  VOLUME =  {1},
  YEAR =  {1387},
  NUMBER =  {2},
  MONTH =  {آبان},
  PAGES =  {22-30},
  LANGUAGE =   {Persian}
}

@CONFERENCE{Amintoosi09regional,
  author =       {M. Amintoosi and M. Fathy and N. Mozayani},
  authorfa =     {م. امین‌طوسی and م. فتحی and م.مزینی},
  title =        {Regional Varying Image Super-Resolution},
  booktitle =    {IEEE International Joint Conference on Computational Sciences and Optimization},
  year =         {2009},
  month =        {April 23-26},
  address =      {Sanya, China},
  volume =       {1},
  pages =        {913-917}
}

@CONFERENCE{Amintoosi09video,
  author =       {M. Amintoosi and M. Fathy },
  authorfa =     {م. امین‌طوسی and م. فتحی },
  title =        {Video Resolution Enhancement in the Presence of Moving Objects},
  booktitle =    {International Conference on Image Processing, Computer Vision, and Pattern Recognition},
  year =         {2009},
  address =      {Las Vegas, USA},
  month =	 {July}
}

@ARTICLE{Amintoosi09precise,
  AUTHOR =       {M. Amintoosi and M. Fathy and N. Mozayani},
  authorfa =     {م. امین‌طوسی and م. فتحی and م.مزینی},
  TITLE =        {Precise Image Registration with Structural Similarity Error Measurement Applied to Super-Resolution},
  JOURNAL =      {{EURASIP} {J}ournal on {A}dvances in {S}ignal {P}rocessing},
 Volume =         {2009},
  YEAR =         {2009},
  pages =        {7 pages},
  note =         {{A}rticle ID 305479},
 url = {http://www.hindawi.com/journals/asp/2009/305479.html}
}

@CONFERENCE{Amintoosi87afzayesh,
  AUTHOR =       {امین‌طوسی,محمود and مزینی,ناصر and  فتحی,محمود},
  TITLE =        {افزایش وضوح ناحیه‌ای},
  BOOKTITLE =    {چهاردهمین کنفرانس ملی سالانه انجمن کامپیوتر ایران},
  YEAR =         {1387},
  ORGANIZATION = {دانشگاه امیرکبیر},
  ADDRESS =      {تهران، ایران},
  month = 	 {اسفند},
  pages =        {101--108},
  LANGUAGE =     {Persian},  
  url = {http://www.civilica.com/Paper-ACCSI14-ACCSI14_107.htm}
}

@article{Baker02limits,
 author = {Baker,, Simon and Kanade,, Takeo},
 title = {Limits on Super-Resolution and How to Break Them},
 journal = {IEEE Trans. Pattern Anal. Mach. Intell.},
 volume = {24},
 number = {9},
 year = {2002},
 issn = {0162-8828},
 pages = {1167--1183},
 publisher = {IEEE Computer Society},
 address = {Washington, DC, USA}
 }

@BOOK{Gonzalez02book,
  AUTHOR =      {Gonzalez,, Rafael C. and Woods,, Richard E.},
  authorfa =    {ر. گنزالس and ر. وودس },
  TITLE =       {Digital Image Processing},
  PUBLISHER =   {Prentice-Hall, Inc.},
  YEAR =        {2006},
  ISBN = 	{013168728X},
  EDITION = 	{3rd},
  ADDRESS =     {Upper Saddle River, NJ, USA},
}
 
@MASTERSTHESIS{Khalighi07MscThesis,
  AUTHOR =       {Vafa Khalighi},
  AUTHORFA =     {خلیقی,وفا},
  TITLE =        {Category Theory},
  SCHOOL =       {Sydny Univ.},
  YEAR =         {2007},
  MONTH =        {April}
}

@MISC{Khalighi87xepersian,
  AUTHOR =      {خلیقی,وفا},
  TITLE =        {زی‌پرشین (\lr{\XePersian}): بسته فارسی برای حروف‌چینی در \lr{\LaTeX2e}},
  HOWPUBLISHED = {\lr{\href{http://www.ctan.org/pkg/xepersian}{http://www.ctan.org/pkg/xepersian}}},
  YEAR =         {۱۳۸۷},
  LANGUAGE =     {Persian}
  }

@PHDTHESIS{Omidali82phdThesis,
  AUTHOR =       {امیدعلی, مهدی},
  TITLE =        {خم‌های تک‌جمله‌ای تعریف شده توسط دنباله‌های تقریباً حسابی},
  SCHOOL =       {دانشکده ریاضی، دانشگاه امیرکبیر},
  YEAR =         {1385},
  MONTH =        {تیر},
  LANGUAGE =     {Persian}
}

@BOOK{Pedram80osool,
  AUTHOR =       {استالینگ, ویلیام},
  EDITOR =       {برنجکوب, محمود},
  translator =   { صدیقی‌ مشکنانی, محسن and پدرام,حسین },
  TITLE =        {اصول طراحی و ویژگیهای داخلی سیستم‌های عامل},
  PUBLISHER =    {نشر شیخ بهایی},
  YEAR =         {۱۳۸۰},
  ADDRESS =      {اصفهان},
  edition =      {سوم},
  MONTH =        {بهار},
  LANGUAGE =     {Persian}
}

@MASTERSTHESIS{Pourmousa88mscThesis,
  AUTHOR =       {پورموسی, امیرمسعود},
  TITLE =        {بررسی رویدادهای ریزهمگرایی گرانشی تکراری در راستای مرکز کهکشان و ابرهای ماژلانی},
  SCHOOL =       {دانشکده فیزیک، دانشگاه صنعتی‌شریف},
  YEAR =         {۱۳۸۸},
  LANGUAGE =     {Persian}
}

@PhdThesis{Borman04thesis,
  author =   {Sean Borman},
  authorfa = {بورمن,سین},
  title =    {Topics in Multiframe Superresolution Restoration},
  school =   {University of Notre Dame},
  year =     {2004},
  address =  {Notre Dame, IN},
  month =    {may},
}

@PROCEEDINGS {conference06,
 editor    = {Farhad Shokoohi},
 authorfa  = {فرهاد شکوهی},
 title     = {Proceedings of the Xth Conference on XYZ},
 booktitle = {Proceedings of the Xth Conference on XYZ},
 year      = {2006},
 month     = {October}
}

@MISC{persianbib87userguide,
  AUTHOR =       {امین‌طوسی, م. and واحدی, م.},
  TITLE =        {راهنمای استفاده از سبک‌های فارسی  برای {\lr{\textsc{Bib}\TeX}} در زی‌پرشین},
  howpublished = {گروه پارسی‌لاتک},
  YEAR =         {۱۳۸۷},
  note = 	 {\url{http://www.parsilatex.com}},
  language =     {Persian}
}

@MISC{UTThesisGuide,
  AUTHOR =       {تحصیلات‌تکمیلی},
  TITLE =        {دستورالعمل نگارش و تدوین پایان‌نامه دانشجویان مقطع کارشناسی ارشد و دکتری},
  HOWPUBLISHED =    {\href{http://egufa.ut.ac.ir/%D8%B1%D9%88%DB%8C%D9%87%E2%80%8C%D9%87%D8%A7-%D9%88-%D9%81%D8%B1%D9%85%E2%80%8C%D9%87%D8%A7/%DA%A9%D8%A7%D8%B1%D8%B4%D9%86%D8%A7%D8%B3%DB%8C-%D8%A7%D8%B1%D8%B4%D8%AF/417-%D8%AF%D8%B3%D8%AA%D9%88%D8%B1%D8%A7%D9%84%D8%B9%D9%85%D9%84-%D9%86%DA%AF%D8%A7%D8%B1%D8%B4-%D9%88-%D8%AA%D8%AF%D9%88%DB%8C%D9%86-%D9%BE%D8%A7%DB%8C%D8%A7%D9%86-%D9%86%D8%A7%D9%85%D9%87-%D8%AF%D8%A7%D9%86%D8%B4%D8%AC%D9%88%DB%8C%D8%A7%D9%86-%D9%85%D9%82%D8%B7%D8%B9-%DA%A9%D8%A7%D8%B1%D8%B4%D9%86%D8%A7%D8%B3%DB%8C-%D8%A7%D8%B1%D8%B4%D8%AF-%D9%88-%D8%AF%DA%A9%D8%AA%D8%B1%DB%8C}{\lr{http://egufa.ut.ac.ir}}},
  YEAR =         {۱۳۹۳},
  MONTH =	 {شهریور},
  note = 	 {معاونت آموزشی و تحصیلات تکمیلی پردیس دانشکده‌های فنی دانشگاه تهران},
  LANGUAGE =     {Persian}
  }

@article{kim2016integrated,
  title={An integrated analysis of the genome-wide profiles of dna methylation and mRNA expression defining the side population of a human malignant mesothelioma cell line},
  author={Kim, Myung-Chul and Kim, Na-Yon and Seo, Yu-Ri and Kim, Yongbaek},
  authorfa={کیم,میونگ-چول and کیم,نا-یون and سئو,یو-ری and کیم,یونگ‌بک},
  journal={Journal of Cancer},
  volume={7},
  number={12},
  pages={1668},
  year={2016},
  publisher={Ivyspring International Publisher}
}

@INPROCEEDINGS{neurovine,
	author={A. {Blenk} and others},
	booktitle={Proc. IEEE INFOCOM}, 
	title={{NeuroViNE}: A Neural Preprocessor for Your Virtual Network Embedding Algorithm}, 
	year={2018},
	volume={},
	number={},
	pages={405-413},
}

@INPROCEEDINGS{randomGraph,
	author={P. Erd\"{o}s and A. R\'{e}nyi},
	booktitle={Pub. Math. Inst. Hungarian Acad. Science}, 
	title={On the evolution of random graphs}, 
	year={1960},
	volume={5},
	number={},
	pages={17-61},
}

@INPROCEEDINGS{elbowMethod,
	author={Thorndike, Robert L.},
	title={Who belongs in the family?},
	booktitle={Psychometrika},
	journal={Psychometrika},
	year={1953},
	month={Dec},
	day={01},
	volume={18},
	number={4},
	pages={267-276},
	issn={1860-0980},
	doi={10.1007/BF02289263},
	url={https://doi.org/10.1007/BF02289263}
}

@article{gae,
	title={Variational Graph Auto-Encoders},
	author={Kipf, Thomas N and Welling, Max},
	journal={NIPS Workshop on Bayesian Deep Learning},
	year={2016}
}

@article{gcn,
	title={Semi-Supervised Classification with Graph Convolutional Networks},
	author={Kipf, Thomas N and Welling, Max},
	journal={arXiv preprint arXiv:1609.02907},
	year={2016}
}

@inproceedings{gan,
	author = {Goodfellow, Ian J. and others},
	title = {Generative Adversarial Nets},
	year = {2014},
	booktitle = {Proc. NIPS},
	pages = {2672–2680}
}

@article{argva,
	title={Learning Graph Embedding With Adversarial Training Methods},
	volume={50},
	number={6},
	journal={IEEE Trans. Cybern.},
	author={Pan, Shirui and others},
	year={2020},
	pages={2475–2487}
}

@inproceedings{graphSage,
	author = {Hamilton, William L. and others},
	title = {Inductive Representation Learning on Large Graphs},
	year = {2017},
	booktitle = {Proc. NIPS},
	pages = {1025–1035}
}

@ARTICLE{graphSignalEmerging,
	author={D. I. {Shuman} and others},
	journal={IEEE Signal Processing Magazine}, 
	title={The emerging field of signal processing on graphs: Extending high-dimensional data analysis to networks and other irregular domains}, 
	year={2013},
	volume={30},
	number={3},
	pages={83-98},
}

@ARTICLE{discreteSignalProcessing,
	author={A. {Sandryhaila} and J. M. F. {Moura}},
	journal={IEEE Transactions on Signal Processing}, 
	title={Discrete Signal Processing on Graphs}, 
	year={2013},
	volume={61},
	number={7},
	pages={1644-1656},
}

@misc{covolutionalNetworksOnGraphs,
	Author = {David Duvenaud and others},
	Title = {Convolutional Networks on Graphs for Learning Molecular Fingerprints},
	Year = {2015},
	Eprint = {arXiv:1509.09292},
}

@ARTICLE{graphNN_RL,
	author={Z. {Yan} and others},
	journal={IEEE J. Sel. Areas Commun.}, 
	title={Automatic Virtual Network Embedding: A Deep Reinforcement Learning Approach With Graph Convolutional Networks}, 
	year={2020},
	volume={38},
	number={6},
	pages={1040-1057},
}

@ARTICLE{ViNEYard,
	author={M. {Chowdhury} and others},
	journal={IEEE/ACM Transactions on Networking}, 
	title={ViNEYard: Virtual Network Embedding Algorithms With Coordinated Node and Link Mapping}, 
	year={2012},
	volume={20},
	number={1},
	pages={206-219},
}

@INPROCEEDINGS{efficientVNEbasedOnSubgraph,
	author={L. {Li} and others},
	booktitle={2014 International Symposium on Wireless Personal Multimedia Communications (WPMC)}, 
	title={An efficient Virtual Network embedding algorithm based on subgraph}, 
	year={2014},
	volume={},
	number={},
	pages={23-28},
}

@article{energyEfficientVNE,
	author = {Botero, Juan and others},
	year = {2012},
	month = {05},
	pages = {756-759},
	title = {Energy Efficient Virtual Network Embedding},
	volume = {16},
	journal = {Communications Letters, IEEE},
	doi = {10.1109/LCOMM.2012.030912.120082}
}

@INPROCEEDINGS{VNEonResidual,
	author={C. {Shifang} and others},
	booktitle={2016 11th International Conference on Computer Science   Education (ICCSE)}, 
	title={A virtual network embedding algorithm based on the connectivity of residual substrate network}, 
	year={2016},
	volume={},
	number={},
	pages={676-681},
}

@article{survey_1,
	title={Virtual Network Embedding for Multi-Domain Heterogeneous Converged Optical Networks: Issues and Challenges},
	author={Zong, Yue and others},
	journal={Sensors},
	volume={20},
	number={9},
	pages={2655},
	year={2020},
	publisher={Multidisciplinary Digital Publishing Institute}
}

@article{Kibalya_2020_CN,
	title = "A novel dynamic programming inspired algorithm for embedding of virtual networks in future networks",
	journal = "Comput. Netw.",
	volume = "179",
	pages = "107349",
	year = "2020",
	author = "Godfrey Kibalya and others",
}

@INPROCEEDINGS{Cao_2020_WCNCW,
	author={H. {Cao} and others},
	booktitle={Proc. IEEE WCNCW}, 
	title={{NoViSec}: Novel Virtual Network Mapping Framework for Secure Software-Defined Networking}, 
	year={2020},
	volume={},
	number={},
	pages={1-6},
}

@INPROCEEDINGS{grc,
	author={L. {Gong} and others},
	booktitle={Proc. IEEE INFOCOM}, 
	title={Toward profit-seeking virtual network embedding algorithm via global resource capacity}, 
	year={2014},
	volume={},
	number={},
	pages={1-9},
}

@ARTICLE{a3c-gcn,
	author={Z. {Yan} and J. {Ge} and Y. {Wu} and L. {Li} and T. {Li}},
	journal={IEEE Journal on Selected Areas in Communications}, 
	title={Automatic Virtual Network Embedding: A Deep Reinforcement Learning Approach With Graph Convolutional Networks}, 
	year={2020},
	volume={38},
	number={6},
	pages={1040-1057},
}

@inproceedings{torch-geometric,
	title={Fast Graph Representation Learning with {PyTorch Geometric}},
	author={Fey, Matthias and Lenssen, Jan E.},
	booktitle={ICLR Workshop on Representation Learning on Graphs and Manifolds},
	year={2019},
}

@ARTICLE{topologyZoo, 
	author={Knight, S. and others}, 
	journal={Selected Areas in Communications, IEEE Journal on}, title={The Internet Topology Zoo}, 
	year={2011}, 
	month={october }, 
	volume={29}, 
	number={9}, 
	pages={1765 -1775}, 
	keywords={Internet Topology Zoo;PoP-level topology;meta-data;network data;network designs;network structure;network topology;Internet;meta data;telecommunication network topology;}, 
	doi={10.1109/JSAC.2011.111002}, 
	ISSN={0733-8716},
}

@book{sutton2018reinforcement,
	title={Reinforcement learning: An introduction},
	author={Sutton, Richard S and Barto, Andrew G},
	year={2018},
	publisher={MIT press}
}

@INPROCEEDINGS{Pentelas_2020_NOMS,
	author={A. {Pentelas} and others},
	booktitle={Porc. IEEE/IFIP NOMS}, 
	title={Network Service Embedding with Multiple Resource Dimensions}, 
	year={2020},
	volume={},
	number={},
	pages={1-9},
}

@ARTICLE{Yao_2020_TNSM,
	author={H. {Yao} and others},
	journal={IEEE Trans. Netw. Service Manag.}, 
	title={A Continuous-Decision Virtual Network Embedding Scheme Relying on Reinforcement Learning}, 
	year={2020},
	volume={17},
	number={2},
	pages={864-875},
}

@INPROCEEDINGS{Dolati_2019_Infocom,
	author={M. {Dolati} and others},
	booktitle={Proc. IEEE INFOCOM WKSHPS}, 
	title={{DeepViNE}: Virtual Network Embedding with Deep Reinforcement Learning}, 
	year={2019},
	volume={},
	number={},
	pages={879-885},
}

@INPROCEEDINGS{Wang_2019_Globecom,
	author={D. {Wang} and others},
	booktitle={Proc. IEEE GLOBECOM}, 
	title={{RLS-VNE}: Repeatable Large-Scale Virtual Network Embedding over Substrate Nodes}, 
	year={2019},
	volume={},
	number={},
	pages={1-6},
}

@article{He_2020_CN,
	title = "{DROI}: Energy-efficient virtual network embedding algorithm based on dynamic regions of interest",
	journal = "Comput. Netw.",
	volume = "166",
	pages = "106952",
	year = "2020",
	author = "Mengyang He and others",
}

@article{Hosseini_2019_TNSM,
	title={Probabilistic virtual link embedding under demand uncertainty},
	author={Hosseini, Fatemeh and others},
	journal={IEEE Trans. Netw. Service Manag.},
	volume={16},
	number={4},
	pages={1552--1566},
	year={2019},
	publisher={IEEE}
}

@INPROCEEDINGS{Blenk_2016_CNSM,
	author={A. {Blenk} and others},
	booktitle={Porc. IEEE CNSM}, 
	title={Boost online virtual network embedding: Using neural networks for admission control}, 
	year={2016},
	volume={},
	number={},
	pages={10-18},
}

@misc{pytorch_scatter,
	title = {{PyTorch Scatter}},
	howpublished = {https://github.com/rusty1s/pytorch\_scatter},
	note = {Accessed: 2020-07-07}
}

@misc{colab,
	title = {{Colaboratory}},
	howpublished = {https://colab.research.google.com/notebooks/intro.ipynb},
	note = {Accessed: 2020-07-07}
}

@article{vne_nphard,
	title={On the computational complexity of the virtual network embedding problem},
	author={Amaldi, Edoardo and others},
	journal={Electron. Notes Discret. Math.},
	volume={52},
	pages={213--220},
	year={2016},
	publisher={Elsevier}
}

@article{graph_nn,
	title={The graph neural network model},
	author={Scarselli, Franco and others},
	journal={IEEE Trans. Neural Netw.},
	volume={20},
	number={1},
	pages={61--80},
	year={2008},
	publisher={IEEE}
}